@misc{Roberts2012wia,
  author={Roberts, Paul},
  title={Wayward {Instagram} account creates security scare for {Norwegian} 
    Royal family},
  year={2012},
  month={8},
  URL={http://nakedsecurity.sophos.com/2012/08/23/instagram-norway-royals/},
}
@misc{Brading2012tpl,
  author={Brading, Anna},
  title={Twitter + location = {WeKnowYourHouse}},
  year={2012},
  month={8},
  URL={http://nakedsecurity.sophos.com/2012/08/15/twitter-location-weknowyourhouse/},
}
@misc{Brading2012tlw,
  author={Brading, Anna},
  title={Twitter + location = WeKnowYourHouse},
  publisher={Sophos},
  year={2012},
  month={8},
  URL={http://nakedsecurity.sophos.com/2012/08/15/twitter-location-weknowyourhouse/},
}
@misc{brading2012yahoovoices,
  author={Brading, Anna},
  title={Yahoo Voices hacked, nearly half a million emails and passwords 
    stolen},
  publisher={Sophos},
  year={2012},
  month={7},
  URL={http://nakedsecurity.sophos.com/2012/07/12/yahoo-voices-hacked/},
}
@misc{Kamkar2010him,
  author={Kamkar, Samy},
  title={How {I} Met Your Girlfriend},
  year={2010},
  note={F{\"o}rel{\"a}sning, DefCon18. URL:
    del 1 -- \url{http://www.youtube.com/watch?v=fEmO7wQKCMw},
    del 2 -- \url{http://www.youtube.com/watch?v=2ctRfWnisSk},
    del 3 -- \url{http://www.youtube.com/watch?v=vJtmZZGcR54}.},
}

