@article{DifferentialPrivacyBook,
  title = {The Algorithmic Foundations of Differential Privacy},
  author = {Cynthia Dwork and Aaron Roth},
  journal = {Foundations and Trends® in Theoretical Computer Science},
  volume = {9},
  number = {3–4},
  pages = {211-407},
  year = {2014},
  doi = {10.1561/0400000042},
  url = {http://dx.doi.org/10.1561/0400000042},
  issn = {1551-305X},
}

@incollection{DiffPrivSurvey,
  title={Differential privacy: A survey of results},
  author={Dwork, Cynthia},
  booktitle={Theory and applications of models of computation},
  pages={1--19},
  year={2008},
  publisher={Springer}
}

@incollection{DifferentialPrivacy,
  title={Differential privacy},
  author={Dwork, Cynthia},
  booktitle={Automata, languages and programming},
  pages={1--12},
  year={2006},
  publisher={Springer}
}

@inproceedings{MechanismDesignViaDiffPriv,
  title={Mechanism design via differential privacy},
  author={McSherry, Frank and Talwar, Kunal},
  booktitle={Foundations of Computer Science, 2007. FOCS'07. 48th Annual IEEE Symposium on},
  pages={94--103},
  year={2007},
  organization={IEEE}
}

@inproceedings{ChallengingDiffPriv,
  author    = {Raghavendran Balu and
               Teddy Furon and
               S{\'{e}}bastien Gambs},
  title     = {Challenging Differential Privacy: The Case of Non-interactive 
    Mechanisms},
  booktitle = {Computer Security --- {ESORICS} 2014 --- 19th European Symposium 
    on Research in Computer Security, Wroclaw, Poland, September 7-11, 2014.  
        Proceedings, Part {II}},
  pages     = {146--164},
  year      = {2014},
  crossref  = {DBLP:conf/esorics/2014-2},
  url       = {http://dx.doi.org/10.1007/978-3-319-11212-1_9},
  doi       = {10.1007/978-3-319-11212-1_9},
  timestamp = {Wed, 10 Sep 2014 21:05:42 +0200},
  biburl    = {http://dblp.uni-trier.de/rec/bib/conf/esorics/BaluFG14},
  bibsource = {dblp computer science bibliography, http://dblp.org}
}

@inproceedings{BLIP-2,
  author    = {Mohammad Alaggan and
               S{\'{e}}bastien Gambs and
               Anne{-}Marie Kermarrec},
  title     = {{BLIP:} Non-interactive Differentially-Private Similarity 
    Computation on Bloom filters},
  booktitle = {Stabilization, Safety, and Security of Distributed Systems 
    - 14th International Symposium, {SSS} 2012, Toronto, Canada, October 1-4, 
    2012. Proceedings},
  pages     = {202--216},
  year      = {2012},
  crossref  = {DBLP:conf/sss/2012},
  url       = {http://dx.doi.org/10.1007/978-3-642-33536-5_20},
  doi       = {10.1007/978-3-642-33536-5_20},
  timestamp = {Sun, 14 Oct 2012 17:46:40 +0200},
  biburl    = {http://dblp.uni-trier.de/rec/bib/conf/sss/AlagganGK12},
  bibsource = {dblp computer science bibliography, http://dblp.org}
} 

@inproceedings{BLIP-1,
  author    = {Mohammad Alaggan and
               S{\'{e}}bastien Gambs and
               Anne{-}Marie Kermarrec},
  title     = {Private Similarity Computation in Distributed Systems: From 
    Cryptography to Differential Privacy},
  booktitle = {Principles of Distributed Systems - 15th International 
    Conference, {OPODIS} 2011, Toulouse, France, December 13-16, 2011. 
        Proceedings},
  pages     = {357--377},
  year      = {2011},
  crossref  = {DBLP:conf/opodis/2011},
  url       = {http://dx.doi.org/10.1007/978-3-642-25873-2_25},
  doi       = {10.1007/978-3-642-25873-2_25},
  timestamp = {Sat, 13 Jul 2013 16:50:08 +0200},
  biburl    = {http://dblp.uni-trier.de/rec/bib/conf/opodis/AlagganGK11},
  bibsource = {dblp computer science bibliography, http://dblp.org}
}

@inproceedings{RAPPOR,
  author = {Erlingsson, \'{U}lfar and Pihur, Vasyl and Korolova, Aleksandra},
  title = {RAPPOR: Randomized Aggregatable Privacy-Preserving Ordinal 
    Response},
  booktitle = {Proceedings of the 2014 ACM SIGSAC Conference on Computer and 
    Communications Security},
  series = {CCS '14},
  year = {2014},
  isbn = {978-1-4503-2957-6},
  location = {Scottsdale, Arizona, USA},
  pages = {1054--1067},
  numpages = {14},
  url = {http://doi.acm.org/10.1145/2660267.2660348},
  doi = {10.1145/2660267.2660348},
  acmid = {2660348},
  publisher = {ACM},
  address = {New York, NY, USA},
  keywords = {cloud computing, crowdsourcing, population statistics, privacy protection, statistical inference},
} 

@article{RAPPOR-unknown,
  title={Building a RAPPOR with the unknown: Privacy-preserving learning of 
    associations and data dictionaries},
  author={Fanti, Giulia and Pihur, Vasyl and Erlingsson, {\'U}lfar},
  journal={Proceedings on Privacy Enhancing Technologies},
  volume={2016},
  number={3},
  pages={41--61},
  year={2016},
}
